@book{Arora,
 author = {Arora, Sanjeev and Barak, Boaz},
 title = {Computational Complexity: A Modern Approach},
 year = {2009},
 isbn = {0521424267, 9780521424264},
 edition = {1st},
 publisher = {Cambridge University Press},
 address = {New York, NY, USA},
} 

@article{Beame,
    author = {Beame, Paul},
    citeulike-article-id = {6657672},
    institution = {Department of Computer Science and Engineering, University of Washington},
    keywords = {circuit-complexity, decision-trees},
    month = apr,
    posted-at = {2010-02-12 15:06:41},
    priority = {2},
    title = {{A Switching Lemma Primer}},
    year = {1994}
}

@INPROCEEDINGS{Razborov,
    author = {Alexander A. Razborov},
    title = {Bounded Arithmetic and Lower Bounds in Boolean Complexity},
    booktitle = {Feasible Mathematics II},
    year = {1993},
    pages = {344--386},
    publisher = {Birkhauser}
}

@INPROCEEDINGS{hastad,
    author = {Johan HÃ¥stad},
    title = {Almost Optimal Lower Bounds for Small Depth Circuits},
    booktitle = {RANDOMNESS AND COMPUTATION},
    year = {1989},
    pages = {6--20},
    publisher = {JAI Press}
}

