@article{origin,
    abstract = {A method is described for the minimization of a function of n variables, which depends on the comparison of function values at the (n + 1) vertices of a general simplex, followed by the replacement of the vertex with the highest value by another point. The simplex adapts itself to the local landscape, and contracts on to the final minimum. The method is shown to be effective and computationally compact. A procedure is given for the estimation of the Hessian matrix in the neighbourhood of the minimum, needed in statistical estimation problems.},
    author = {Nelder, J. A. and Mead, R.},
    citeulike-article-id = {3009487},
    citeulike-linkout-0 = {http://dx.doi.org/10.1093/comjnl/7.4.308},
    citeulike-linkout-1 = {http://comjnl.oxfordjournals.org/content/7/4/308.abstract},
    citeulike-linkout-2 = {http://comjnl.oxfordjournals.org/content/7/4/308.full.pdf},
    citeulike-linkout-3 = {http://comjnl.oxfordjournals.org/cgi/content/abstract/7/4/308},
    day = {01},
    doi = {10.1093/comjnl/7.4.308},
    issn = {1460-2067},
    journal = {The Computer Journal},
    month = jan,
    number = {4},
    pages = {308--313},
    posted-at = {2008-09-15 16:23:09},
    priority = {2},
    publisher = {Oxford University Press},
    title = {A Simplex Method for Function Minimization},
    url = {http://dx.doi.org/10.1093/comjnl/7.4.308},
    volume = {7},
    year = {1965}
}

@article{highdimensions,
author = {Lixing Han and Fuchang Gao},
title = {{Implementing the Nelder-Mead simplex algorithm with adaptive parameters}},
journal = {Computational Optimization and Applications},
volume = {45},
year = {2012},
pages = {1--19},
issue = {1},
doi = {10.1007/s10589-010-9329-3},
masid = {26116435}
priority = {2},
}


@article{convergence,
    author = {Lagarias, J. C. and Reeds, J. A. and Wright, M. H. and Wright, P. E.},
    citeulike-article-id = {1266919},
    journal = {SIAM Journal of Optimization},
    keywords = {nelder-mead, optimiation},
    pages = {112--147},
    posted-at = {2007-04-30 01:05:54},
    priority = {2},
    title = {{Convergence properties of the Nelderâ€”Mead simplex method in low dimensions}},
    volume = {9},
    year = {1998}
}


@article{convergence2,
  author    = {Jeffrey C. Lagarias and
               Bjorn Poonen and
               Margaret H. Wright},
  title     = {{Convergence of the restricted Nelder"---Mead algorithm in two dimensions}},
  journal   = {SIAM Journal on Optimization},
  volume    = {22},
  number    = {2},
  year      = {2012},
  pages     = {501-532},
  ee        = {http://dx.doi.org/10.1137/110830150},
  bibsource = {DBLP, http://dblp.uni-trier.de}
}

@article{counterexample,
 author = {McKinnon, K. I. M.},
 title = {Convergence of the Nelder--Mead Simplex Method to a Nonstationary Point},
 journal = {SIAM J. on Optimization},
 issue_date = {1998},
 volume = {9},
 number = {1},
 month = may,
 year = {1998},
 issn = {1052-6234},
 pages = {148--158},
 numpages = {11},
 url = {http://dx.doi.org/10.1137/S1052623496303482},
 doi = {10.1137/S1052623496303482},
 acmid = {589109},
 publisher = {Society for Industrial and Applied Mathematics},
 address = {Philadelphia, PA, USA},
 keywords = {Nelder--Mead method, direct search, simplex, unconstrained optimization},
} 

@article{testing,
  author    = {Jorge J. Mor{\'e} and
               Burton S. Garbow and
               Kenneth E. Hillstrom},
  title     = {Testing Unconstrained Optimization Software},
  journal   = {ACM Trans. Math. Softw.},
  volume    = {7},
  number    = {1},
  year      = {1981},
  pages     = {17-41},
  ee        = {http://doi.acm.org/10.1145/355934.355936},
  bibsource = {DBLP, http://dblp.uni-trier.de}
}
